<?xml version="1.0" encoding="UTF-8"?><record xmlns="http://www.loc.gov/MARC21/slim" xmlns:cinclude="http://apache.org/cocoon/include/1.0" xmlns:zs="http://www.loc.gov/zing/srw/">
  <leader>01005nz  a2200169n  4500</leader>
  <controlfield tag="001">no2014031337</controlfield>
  <controlfield tag="003">DLC</controlfield>
  <controlfield tag="005">20140308073750.0</controlfield>
  <controlfield tag="008">140307n| azannaabn          |a ana     c</controlfield>
  <datafield tag="010" ind1=" " ind2=" ">
    <subfield code="a">no2014031337</subfield>
  </datafield>
  <datafield tag="035" ind1=" " ind2=" ">
    <subfield code="a">(OCoLC)oca09700573</subfield>
  </datafield>
  <datafield tag="040" ind1=" " ind2=" ">
    <subfield code="a">WaBeW</subfield>
    <subfield code="b">eng</subfield>
    <subfield code="e">rda</subfield>
    <subfield code="c">WaBeW</subfield>
  </datafield>
  <datafield tag="110" ind1="2" ind2=" ">
    <subfield code="a">National Research Council (U.S.).</subfield>
    <subfield code="b">Committee on Understanding and Monitoring Abrupt Climate Change and its Impacts</subfield>
  </datafield>
  <datafield tag="370" ind1=" " ind2=" ">
    <subfield code="c">United States</subfield>
  </datafield>
  <datafield tag="377" ind1=" " ind2=" ">
    <subfield code="a">eng</subfield>
  </datafield>
  <datafield tag="410" ind1="2" ind2=" ">
    <subfield code="a">National Research Council (U.S.).</subfield>
    <subfield code="b">Board on Atmospheric Sciences and Climate.</subfield>
    <subfield code="b">Committee on Understanding and Monitoring Abrupt Climate Change and its Impacts</subfield>
  </datafield>
  <datafield tag="670" ind1=" " ind2=" ">
    <subfield code="a">National Research Council (U.S.). Committee on Understanding and Monitoring Abrupt Climate Change and its Impacts. Abrupt impacts of climate change, 2013:</subfield>
    <subfield code="b">title page (National Research Council of the National Academies, Committee on Understanding and Monitoring Abrupt Climate Change and its Impacts, Board on Atmospheric Sciences and Climate, Division on Earth and LIfe Studies)</subfield>
  </datafield>
</record>